@misc{MQTTVers5:online,
  author       = {},
  title        = {MQTT Version 5.0},
  howpublished = {\url{https://docs.oasis-open.org/mqtt/mqtt/v5.0/mqtt-v5.0.html}},
  month        = {},
  year         = {},
  note         = {(Accessed on 12/15/2021)}
}

@misc{MQTTVers22:online,
author = {},
title = {MQTT Version 3.1.1},
howpublished = {\url{http://docs.oasis-open.org/mqtt/mqtt/v3.1.1/os/mqtt-v3.1.1-os.html}},
month = {},
year = {},
note = {(Accessed on 12/15/2021)}
}

@misc{amqpcore25:online,
author = {},
title = {amqp-core-complete-v1.0.pdf},
howpublished = {\url{http://docs.oasis-open.org/amqp/core/v1.0/amqp-core-complete-v1.0.pdf}},
month = {},
year = {},
note = {(Accessed on 12/15/2021)}
}

@misc{AMQPWork14:online,
author = {},
title = {AMQP Working Group 0-9-1 | AMQP},
howpublished = {\url{https://www.amqp.org/specification/0-9-1/amqp-org-download}},
month = {},
year = {},
note = {(Accessed on 12/15/2021)}
}